% Chp 1 - Data Collection

% migraine_and_acupuncture
@article{Allais:2011,
  title={\oiRedirect{textbook-acupuncture_migraine_2011}{Ear acupuncture in the treatment of migraine attacks: a randomized trial on the efficacy of appropriate versus inappropriate acupoints}},
  author={Allais, G. and Romoli, M. and Rolando, S. and Airola, G. and Castagnoli Gabellari, I. and Allais, R. and Benedetto, C.},
  journal={Neurological Sci.},
  volume={32},
  number={1},
  pages={173--175},
  year={2011},
  publisher={Springer},
}

% sinusitis_and_antibiotics
@article{Garbutt:2012,
  title={\oiRedirect{textbook-amoxicillin_acute_rhinosinusitis_2012}{Amoxicillin for Acute Rhinosinusitis: A Randomized Controlled Trial}},
  author={Garbutt, J.M. and Banister, C. and Spitznagel, E. and Piccirillo, J.F.},
  journal={JAMA: The Journal of the American Medical Association},
  volume={307},
  number={7},
  pages={685--692},
  year={2012},
  publisher={American Medical Association}
}

% study_components_airpoll
@article{Ritz+Yu+Chapa+Fruin:2000,
  title={\oiRedirect{textbook-air_pollution_preterm_birth_2000}{Effect of air pollution on preterm birth among children born in Southern California between 1989 and 1993}},
  author={Ritz, B. and Yu, F. and Chapa, G. and Fruin, S.},
  journal={Epidemiology},
  volume={11},
  number={5},
  pages={502--511},
  year={2000},
}

% study_components_buteyko
@article{McDowan:2003,
  title={{Health Education: Does the Buteyko Institute Method make a difference?}},
  author={McGowan, J.},
  journal={Thorax},
  volume={58},
  year={2003}
}

% study_components_cheaters
@article{Bucciol:2011,
  title={\oiRedirect{textbook-luck-cheating}{Luck or cheating? A field experiment on honesty with children}},
  author={Bucciol, Alessandro and Piovesan, Marco},
  journal={Journal of Economic Psychology},
  volume={32},
  number={1},
  pages={73--78},
  year={2011},
  publisher={Elsevier}
}

% study_components_stealers
@article{Piff:2012,
  title={Higher social class predicts increased unethical behavior},
  author={Piff, P.K. and Stancato, D.M. and C{\^o}t{\'e}, S. and Mendoza-Denton, R. and Keltner, D.},
  journal={Proceedings of the National Academy of Sciences},
  year={2012},
  publisher={National Acad Sciences}
}

% fisher_irises
@article{Fisher:1936,
  title={\oiRedirect{textbook-taxonomy_multiple_measurements_1936}{The Use of Multiple Measurements in Taxonomic Problems}},
  author={Fisher, R.A},
  journal={Annals of Eugenics},
  volume={7},
  pages={179-188},
  year={1936}
}

@misc{irisPic,
  note={Photo by rtclauss on Flickr, \oiRedirect{textbook-iris_picture}{Iris}.}
}

% smoking_habits_UK_datamatrix
@misc{data:smoking,
  note = {National STEM Centre, \oiRedirect{textbook-Stats4Schools_smoking}{Large Datasets from stats4schools}.}
}

% airports
@misc{data:usairports,
  note = {Federal Aviation Administration, \oiRedirect{textbook-FAA_airports}{www.faa.gov/airports/airport\_safety/airportdata\_5010}.}
}

@Manual{data:unvotes,
  title = {unvotes: United Nations General Assembly Voting Data},
  author = {David Robinson},
  year = {2017},
  note = {R package version 0.2.0}, url = {https://CRAN.R-project.org/package=unvotes}
}

% eat_well_feel_better
@article{conner2017let,
  title={Let them eat fruit! The effect of fruit and vegetable consumption on psychological well-being in young adults: A randomized controlled trial},
  author={Conner, Tamlin S and Brookie, Kate L and Carr, Anitra C and Mainvil, Louise A and Vissers, Margreet CM},
  journal={PloS one},
  volume={12},
  number={2},
  pages={e0171206},
  year={2017},
  publisher={Public Library of Science}
}

% screen time
@article{orben2018screens,
  title={\oiRedirect{textbook-screens_orben_2018}{Screens, Teens and Psychological Well-Being: Evidence from three time-use diary studies}},
  author={Orben, Amy and Baukney-Przybylski, AK},
  journal={Psychological Science},
  year={2018},
  publisher={SAGE Publications}
}

% gender pay gap medicine
@article{LoSassoMedicineGenderPayGap,
  title={\oiRedirect{textbook-LoSassoMedicineGenderPayGap}{The \$16,819 Pay Gap For Newly Trained Physicians: The Unexplained Trend Of Men Earning More Than Women}},
  author={Lo Sasso AT and Richards MR and Chou CF and Gerber SE},
  journal={Health Affairs},
  year={2011},
  volume={30},
  number={2}
}

% stanford open policing
@article{pierson2017large,
  title={\oiRedirect{textbook-police_pierson_2017}{A large-scale analysis of racial disparities in police stops across the United States}},
  author={Pierson, Emma and Simoiu, Camelia and Overgoor, Jan and Corbett-Davies, Sam and Ramachandran, Vignesh and Phillips, Cheryl and Goel, Sharad},
  journal={arXiv preprint arXiv:1706.05678},
  year={2017}
}

% space launches
@misc{data:spacelaunches,
  note = {JSR Launch Vehicle Database, \oiRedirect{textbook-space-launches-data}{A comprehensive list of suborbital space launches, 2019 Feb 10 Edition}.}
}

% Torque on a rusty bolt
@misc{youtube:torque_on_rusty_bolt,
    note = {Project Farm on YouTube, \oiRedirect{textbook-torque_on_rusty_bolt}{youtu.be/xUEob2oAKVs}, April 16, 2018.}
}

% vegetarianism
@misc{webpage:vegetarianism,
    note = {Gallup Poll, \oiRedirect{textbook-gallup-vegetarianism-2018}{Snapshot: Few Americans Vegetarian or Vegan}, August 1, 2018.}
}

% NOAA 1948 and 2018 data
@misc{webpage:noaa_1948_2018,
    note = {NOAA, \oiRedirect{textbook-noaa_1948_2018}{www.ncdc.noaa.gov/cdo-web/datasets}, April 24, 2019.}
}
Retrieved on 2019-04-24.
  \url{https://www.ncdc.noaa.gov/cdo-web/datasets}

% Raising the minimum wage
@misc{webpage:rasmussen-2019-raise-minimum-wage,
    note = {Rasmussen Reports survey, \oiRedirect{rasmussen-2019-raise-minimum-wage}{Most Favor Minimum Wage of \$10.50 Or Higher}, April 16, 2019.}
}

% gss data
@misc{data:gss,
  note = {National Opinion Research Center, \oiRedirect{textbook-gss-data}{General Social Survey, 2018}.}
}



@misc{data:ciaFactbook,
  note = {CIA Factbook, \oiRedirect{textbook-cia_factbook}{Country Comparisons, 2014}.}
}

@misc{data:ITU:2012,
  note = {ITU World Telecommunication/ICT Indicators database, \oiRedirect{textbook-telecommunication_ICT_2012}{World Telecommunication/ICT Indicators Database, 2012}}
}

@article{Hepler:2013,
  title={\oiRedirect{textbook-dispositional-attitude}{Attitudes without objects - Evidence for a dispositional attitude, its measurement, and its consequences}},
  author={Hepler, Justin and Albarrac{\'\i}n, Dolores},
  journal={Journal of personality and social psychology},
  volume={104},
  number={6},
  pages={1060},
  year={2013},
  publisher={American Psychological Association}
}

@article{news:smokingDementia,
  author={Rabin, R.C.}, 
  title = {\oiRedirect{textbook-nytimes_smoking_dementia}{Risks: Smokers Found More Prone to Dementia}},
  journal={New York Times},
   MONTH = {October 29},
   YEAR    = {2010}
}

@article{news:bullySleep,
  author={Parker-Pope, T.},
  title = {\oiRedirect{textbook-school_bully_sleepy_2011}{The School Bully Is Sleepy}},
  journal={New York Times},
   MONTH = {June 2},
   YEAR    = {2011}
}

@article{Orr:2009,
  title={\oiRedirect{textbook-shyness_FB_usage_2009}{The influence of shyness on the use of Facebook in an undergraduate sample}},
  author={Orr, E.S. and Sisic, M. and Ross, C. and Simmering, M.G. and Arseneault, J.M. and Orr, R.R.},
  journal={CyberPsychology \& Behavior},
  volume={12},
  number={3},
  pages={337--340},
  year={2009},
  publisher={Mary Ann Liebert, Inc.}
}

@article{Audera:2001,
  title={\oiRedirect{textbook-vitamin_C_cold_treatment_2001}{Mega-dose vitamin C in treatment of the common cold: a randomised controlled trial}},
  author={Audera, C. and Patulny, R.V. and Sander, B.H. and Douglas, R.M. and others},
  journal={Medical Journal of Australia},
  volume={175},
  number={7},
  pages={359--362},
  year={2001},
  publisher={AUSTRALASIAN MEDICAL PUBLISHING COMPANY LTD}
}

@article{Nieman:2009,
  title={\oiRedirect{textbook-chia_seeds_2009}{Chia seed does not promote weight loss or alter disease risk factors in overweight adults}},
  author={Nieman, D.C. and Cayea, E.J. and Austin, M.D. and Henson, D.A. and McAnulty, S.R. and Jin, F.},
  journal={Nutrition Research},
  volume={29},
  number={6},
  pages={414--418},
  year={2009},
  publisher={Elsevier}
}

@article{Suldo:2014,
  title={\oiRedirect{textbook-middle-school-satisfaction}{Increasing middle school students' life satisfaction: Efficacy of a positive psychology group intervention}},
  author={Suldo, Shannon M and Savage, Jessica A and Mercer, Sterett H},
  journal={Journal of happiness studies},
  volume={15},
  number={1},
  pages={19--42},
  year={2014},
  publisher={Springer}
}

% Chp 2 - Summarizing data

@misc{data:acs:2012,
  note = {United States Census Bureau. Summary File. {\oiRedirect{textbook-ACS_2012}{2012 American Community Survey}}. U.S. Census Bureauâ€™s American Community Survey Office, 2013. Web.}
}

@misc{data:MLB:2014,
  note = {\oiRedirect{textbook-mlb2014-espn}{ESPN: MLB Team Stats - 2014}}
}

@article{Harris:2012,
  title={\oiRedirect{textbook-cereal-facts-2012}{Cereal FACTS 2012: Limited progress in the nutrition quality and marketing of children's cereals}},
  author={Harris, JL and Schwartz, MB and Brownell, KD and Sarda, V and Dembek, C and Munsell, C and Shin, C and Ustjanauskas, A and Weinberg, M},
  journal={Rudd Center for Food Policy \& Obesity.},
  volume={12},
  year={2012}
}

@article{Allison+Cicchetti:1975,
  title={\oiRedirect{textbook-mammal_sleep_1975}{Sleep in mammals: ecological and constitutional correlates}},
  author={Allison, T. and Cicchetti, D.V.},
  journal={Arch. Hydrobiol},
  volume={75},
  pages={442},
  year={1975}
}

@misc{data:ciaFactBookInfMort:2012,
  note = {CIA Factbook, \oiRedirect{textbook-cia_infant_mortality_2012}{Country Comparison: Infant Mortality Rate, 2012}}
}

@misc{data:durhamAQI:2011,
  note = {US Environmental Protection Agency, \oiRedirect{textbook-airdata_2011}{AirData, 2011.}}
}

@article{Backstrom:2011,
  title={\oiRedirect{textbook-anatomy-of-facebook}{Anatomy of Facebook}},
  author={Backstrom, Lars},
  journal={Facebook Data Teamâ€™s Notes},
  year={2011}
}

@misc{survey:immigFL:2012,
  note = {SurveyUSA, \oiRedirect{textbook-SurveyUSA_18927}{News Poll \#18927}, data collected Jan 27-29, 2012}
}

@misc{survey:raiseTaxes:2015,
  note = {Public Policy Polling, \oiRedirect{textbook-PPP_30215}{Americans on College Degrees, Classic Literature, the Seasons, and More}, data collected Feb 20-22, 2015}
}

@article{Graham:2010,
  title={Risk of acute myocardial infarction, stroke, heart failure, and death in elderly Medicare patients treated with rosiglitazone or pioglitazone},
  author={Graham, D.J. and Ouellet-Hellstrom, R. and MaCurdy, T.E. and Ali, F. and Sholley, C. and Worrall, C. and Kelman, J.A.},
  journal = {JAMA},
  volume={304},
  number={4},
  pages={411},
  issn={0098-7484},
  year={2010},
  publisher={Am Med Assoc}
}

@article{Turnbull+Brown+Hu:1974,
  title={\oiRedirect{textbook-heart_transplant_1974}{Survivorship of Heart Transplant Data}},
  author={Turnbull, B. and Brown, B. and Hu, M.},
  journal={Journal of the American Statistical Association},
  volume={69},
  pages={74-80},
  year={1974}
}

% Chp 3 - Probability

@misc{data:BRFSS2010,
  note={Office of Surveillance, Epidemiology, and Laboratory Services Behavioral Risk Factor Surveillance System, {\oiRedirect{textbook-BRFSS_2010}{BRFSS 2010 Survey Data}}.}
}

@misc{rouletteWheelPic,
  note={Photo by H\r{a}kan Dahlstr\"{o}m on Flickr, \oiRedirect{textbook-flickr_roulette_wheel}{Roulette wheel}.}
}

@misc{indepSwing,
  note={Pew Research Center, \oiRedirect{textbook-obama_economy_pew_2012}{With Voters Focused on Economy, Obama Lead Narrows}, data collected between April 4-15, 2012.}
}

@misc{pew_cyber_bully_2018,
  note={Pew Research Center, \oiRedirect{pew_cyber_bully_2018}{A Majority of Teens Have Experienced Some Form of Cyberbullying}. September 27, 2018.}
}

@misc{poorLang,
  note={U.S. Census Bureau, 2010 American Community Survey 1-Year Estimates, \oiRedirect{textbook-acs_language_2010}{Characteristics of People by Language Spoken at Home}.}
}

@misc{eduSex,
  note={U.S. Census Bureau, 2010 American Community Survey 1-Year Estimates, \oiRedirect{textbook-acs_educational_2010}{Educational Attainment}.}
}

@article{Mizan:2011,
  title={\oiRedirect{textbook-tardiness_asthma_2011}{Absence, Extended Absence, and Repeat Tardiness Related to Asthma Status among Elementary School Children}},
  author={Mizan, S.S. and Shendell, D.G. and Rhoads, G.G.},
  journal={Journal of Asthma},
  volume={48},
  number={3},
  pages={228-234},
  year={2011},
  publisher={Informa Healthcare}
}

@misc{globalWarming,
  note={Pew Research Center, \oiRedirect{textbook-republicans_global_warming_2010}{Majority of Republicans No Longer See Evidence of Global Warming}, data collected on October 27, 2010.}
}

@misc{burgers,
  note={SurveyUSA, \oiRedirect{textbook-SurveyUSA_17718}{Results of SurveyUSA News Poll \#17718},  data collected on December 2, 2010.}
}

@article{Laeng:2007,
  title={\oiRedirect{textbook-eye_color_pref_2010}{Why do blue-eyed men prefer women with the same eye color?}},
  author={Laeng, B. and Mathisen, R. and Johnsen, J.A.},
  journal={Behavioral Ecology and Sociobiology},
  volume={61},
  number={3},
  pages={371--384},
  year={2007},
  publisher={Springer}
}

@misc{ciaFactBookHIV:2012,
  note = {Source: CIA Factbook, \oiRedirect{textbook-cia_hiv_2012}{Country Comparison: HIV/AIDS - Adult Prevalence Rate}.}
}

@misc{data:scott,
  note = {New York Times, \oiRedirect{textbook-nytimes_wi_exit_polls_2012}{Wisconsin recall exit polls}}
}

@misc{webpage:alcohol,
    note = {SAMHSA, Office of Applied Studies, \oiRedirect{textbook-SAMHSA_2007_8}{National Survey on Drug Use and Health, 2007 and 2008}.}
}

@Book{cats,
    title = {Modern Applied Statistics with S},
    author = {W. N. Venables and B. D. Ripley},
    publisher = {Springer},
    edition = {Fourth Edition},
    address = {New York},
    year = {2002},
    note = {\oiRedirect{textbook-modern_applied_stat_with_s}{www.stats.ox.ac.uk/pub/MASS4}},
}

@misc{acsIncome2005-2009,
  note={U.S. Census Bureau, \oiRedirect{textbook-acd2005_9}{2005-2009 American Community Survey}}
}

$ Chp 4 - Distributions

@conference{Johnson+Murray:2010,
  title={\oiRedirect{textbook-rural_auto_speeds_2010}{Empirical Analysis of Truck and Automobile Speeds on Rural Interstates: Impact of Posted Speed Limits}},
  author={Johnson, S. and Murray, D.},
  booktitle={Transportation Research Board 89th Annual Meeting},
  year={2010}
}

@misc{marWomenACS,
  note={U.S. Census Bureau, 2010 American Community Survey, \oiRedirect{textbook-acs_marriage_2010}{Marital Status}.}
}

@misc{surveysPew,
note={Pew Research Center, \oiRedirect{textbook-pew_Representativeness_Surveys_2012}{Assessing the Representativeness of Public Opinion Surveys}, May 15, 2012.}
}

@misc{dreidelPic,
  note={\oiRedirect{textbook-flickr_dreidelPic}{Photo by Staccabees on Flickr}.}
}

@misc{webpage:spiders,
    note = {Gallup Poll, \oiRedirect{textbook-frightens_youth_2005}{What Frightens America's Youth?}, March 29, 2005.}
}

@misc{data:nsfg:2010,
    note = {Centers for Disease Control and Prevention, \oiRedirect{textbook-ntnl_survey_family_growth_2010}{National Survey of Family Growth, 2010.}
    }
}

@misc{data:povertycps:2013,
  note = {United States Census Bureau. {\oiRedirect{textbook-CPS_2013_poverty}{2013 Current Population Survey}}.Historical Poverty Tables - People. Web.}
}

@misc{data:hispaniccps:2012,
  note = {United States Census Bureau.{\oiRedirect{textbook-CPS_2012_hispanic}{2012 Current Population Survey}}.The Hispanic Population in the United States: 2012. Web.}
}

@misc{data:pewsocialnetwork:2014,
  note = {Pew Research Center, Washington, D.C. {\oiRedirect{textbook-pew_socialnetwork}{Social Networking Fact Sheet}}, accessed on May 9, 2015.}
}

% Chp 5 - Foundations for inference

@article{Heinz:2003,
  title={\oiRedirect{textbook-body_dim_2003}{Exploring relationships in body dimensions}},
  author={Heinz, G. and Peterson, L.J. and Johnson, R.W. and Kerk, C.J.},
  journal={Journal of Statistics Education},
  volume={11},
  number={2},
  year={2003}
}

@misc{data:pewdiagnosis:2013,
  note = {Pew Research Center, Washington, D.C. {\oiRedirect{textbook-The_Diagnosis_Difference}{The Diagnosis Difference}}, November 26, 2013.}
}

@misc{data:pewtwitternews:2013,
  note = {Pew Research Center, Washington, D.C. {\oiRedirect{textbook-twitter_news_consumers_2013}{Twitter News Consumers: Young, Mobile and Educated}}, November 4, 2013.}
}

@misc{data:gss:2010,
  note = {National Opinion Research Center, \oiRedirect{textbook-gss_2010}{General Social Survey, 2010}.}
}

@misc{data:pewwomenleaders:2014,
  note = {Pew Research Center, Washington, D.C. {\oiRedirect{textbook-pew-womenleaders}{Women and Leadership: Public Says Women are Equally Qualified, but Barriers Persist}}, January 14, 2015.}
}

@misc{data:yawn,
  note = {MythBusters, \oiRedirect{textbook-mythbusters_s3e28}{Season 3, Episode 28.}}
}

@misc{data:egypt,
  note={Gallup Politics, \oiRedirect{textbook-americans_views_of_egypt_2011}{Americans' Views of Egypt Sharply More Negative}, data collected February 2-5, 2011.}
}

@misc{web:art,
  title={\oiRedirect{textbook-2008_Assisted_Reproductive_Technology_Report}{2008 Assisted Reproductive Technology Report}},
  author ={CDC},
}

@misc{webpage:spam,
  note = {Rockbridge, \oiRedirect{textbook-spam_report_2009}{2009 National Technology Readiness Survey SPAM Report}.}
}

@misc{webpage:horrormovies,
  note = {FiveThirtyEight, \oiRedirect{textbook-fivethirtyeight-scary-movies}{Scary Movies Are The Best Investment In Hollywood}.}
}

% Chp 6 - Inference for proportions



@misc{data:govt_shuthown,
  note={Survey USA, \oiRedirect{textbook-SurveyUSA_24568}{News Poll \#24568}, data collected on April 21, 2019.}
}

@article{news:youngAmericans1,
  author={Vaughn, A.}, 
  title = {\oiRedirect{textbook-young_americans_2011}{Poll finds young adults optimistic, but not about money}},
  journal={Los Angeles Times},
   MONTH = {November 3},
   YEAR    = {2011}
}

@article{news:youngAmericans2,
  author={Demos.org}, 
  title = {\oiRedirect{textbook-young_americans_2011_extra}{The State of Young America: The Poll}},
     MONTH = {November 2},
   YEAR    = {2011}
}



@misc{data:healthcare2010,
  note = {Gallup, \oiRedirect{textbook-healthcare_split_2012}{Americans Issue Split Decision on Healthcare Ruling}, data collected June 28, 2012.}
}

@misc{data:july4,
  note={Survey USA, \oiRedirect{textbook-SurveyUSA_19333}{News Poll \#19333}, data collected on June 27, 2012.}
}

@misc{data:elderlyDriving,
  note={Marist Poll, \oiRedirect{textbook-drivers_at_65_2011}{Road Rules: Re-Testing Drivers at Age 65?}, March 4, 2011}
}

@misc{data:suffering,
  note={Gallup World, \oiRedirect{textbook-1_in_10_suffering_2011}{More Than One in 10 ``Suffering" Worldwide}, data collected throughout 2011.}
}

@misc{data:studyAbroad,
  note={studentPOLL, \oiRedirect{textbook-Interests_in_Study_Abroad_2008}{College-Bound Students' Interests in Study Abroad and Other International Learning Activities}, January 2008}
}

@article{news:publicOption,
  author={Balz, D. and Cohen, J.}, 
  title = {\oiRedirect{textbook-healthcare_public_option_2009}{Most support public option for health insurance, poll finds}},
  journal={The Washington Post},
   MONTH = {October 20},
   YEAR    = {2009}
}

@misc{data:KFF2019_nat_health_plan,
  note={Kaiser Family Foundation, \oiRedirect{textbook-kff_nat_health_plan_2019}{The Public On Next Steps For The ACA And Proposals To Expand Coverage}, data collected between Jan 9-14, 2019.}
}

@misc{data:civilWar,
  note={Pew Research Center Publications, \oiRedirect{textbook-civil_war_at_150}{Civil War at 150: Still Relevant, Still Divisive}, data collected between March 30 - April 3, 2011.}
}

@misc{data:mobileBrowse,
  note={Pew Internet, \oiRedirect{textbook-cell_internet_use_2012}{Cell Internet Use 2012}, data collected between March 15 - April 13, 2012.}
}

@article{news:mobileBrowseChinese,
  author={Chang, S.}, 
  title = {The Chinese Love to Use Feature Phone to Access the Internet},
  journal={M.I.C Gadget},
   MONTH = {March 23},
   YEAR    = {2012}
}

@misc{data:collegeWorthIt,
  note={Pew Research Center Publications, \oiRedirect{textbook-college_worth_it_2011}{Is College Worth It?}, data collected between March 15-29, 2011.}
}

@article{Ellis:2001,
  title={{\oiRedirect{textbook-color_pref_2001}{Color preferences according to gender and sexual orientation}}},
  author={L Ellis and C Ficek},
  journal={Personality and Individual Differences},
  volume={31},
  number={8},
  pages={1375-1379},
  year={2001},
  publisher={Elsevier}
}

@misc{data:dailyShow,
  note={The Pew Research Center, \oiRedirect{textbook-americans_news_2010}{Americans Spending More Time Following the News}, data collected June 8-28, 2010.}
}

@misc{data:sleepCAandOR,
  note={CDC, \oiRedirect{textbook-Perceived_Insufficient_Rest_or_Sleep_Among_Adults}{Perceived Insufficient Rest or Sleep Among Adults --- United States, 2008}}
}

@misc{data:prop19_and_offshoreDrill,
  note = {Survey USA, \oiRedirect{textbook-SurveyUSA_16804}{Election Poll \#16804}, data collected July 8-11, 2010.}
}

@article{news:fullBodyScan,
  author={Condon, S.}, 
  title = {\oiRedirect{textbook-airport_scanners_2010}{Poll: 4 in 5 Support Full-Body Airport Scanners}},
  journal={CBS News},
   MONTH = {November 15},
   YEAR    = {2010}
}

@misc{data:sleepTransport,
  note={National Sleep Foundation, \oiRedirect{textbook-trans_workers_sleep_2012}{2012 Sleep in America Poll: Transportation Workers' Sleep}, 2012}
}

@article{Schmidt:2011,
  title={\oiRedirect{textbook-prenatal_vitamins_autism_2011}{Prenatal vitamins, one-carbon metabolism gene variants, and risk for autism}},
  author={Schmidt, R.J. and Hansen, R.L. and Hartiala, J. and Allayee, H. and Schmidt, L.C. and Tancredi, D.J. and Tassone, F. and Hertz-Picciotto, I.},
  journal={Epidemiology},
  volume={22},
  number={4},
  pages={476},
  year={2011}
}

@article{news:prenatalVitAutism,
  author={Rabin, R.C.}, 
  title = {\oiRedirect{textbook-nytimes_prenatal_vitamins_autism_2011}{Patterns: Prenatal Vitamins May Ward Off Autism}},
  journal={New York Times},
   MONTH = {June 13},
   YEAR    = {2011}
}

@article{Lockman:2007,
  title={\oiRedirect{textbook-antiretroviral_therapy_2007}{Response to antiretroviral therapy after a single, peripartum dose of nevirapine}},
  author={Lockman, S. and Shapiro, R.L. and Smeaton, L.M. and Wester, C. and Thior, I. and Stevens, L. and Chand, F. and Makhema, J. and Moffat, C. and Asmelash, A. and others},
  journal={Obstetrical \& gynecological survey},
  volume={62},
  number={6},
  pages={361},
  year={2007}
}

@misc{data:employmentDiabetes,
  note={Gallup Wellbeing, \oiRedirect{textbook-employed_americans_in_better_health_2012}{Employed Americans in Better Health Than the Unemployed}, data collected Jan. 2, 2011 - May 21, 2012.}
}

@misc{CreationismGallup,
  note={Four in 10 Americans Believe in Strict Creationism, December 17, 2010, \oiRedirect{textbook-strict_creationism_2010}{www.gallup.com/poll/145286/Four-Americans-Believe-Strict-Creationism.aspx}}
}

@article{Teng:2004,
  title={Forage and bed sites characteristics of Indian muntjac (Muntiacus muntjak) in Hainan Island, China},
  author={Teng, Liwei and Liu, Zhensheng and SONG, Yan-Ling and Zeng, Zhigao},
  journal={Ecological Research},
  volume={19},
  number={6},
  pages={675--681},
  year={2004},
  publisher={Wiley Online Library}
}

@article{Lucas:2011,
  title={\oiRedirect{textbook-coffee_caffeine_depression_2011}{Coffee, caffeine, and risk of depression among women}},
  author={Lucas, M. and Mirzaei, F. and Pan, A. and Okereke, O.I. and Willett, W.C. and O'Reilly, E.J. and Koenen, K. and Ascherio, A.},
  journal={Archives of internal medicine},
  volume={171},
  number={17},
  pages={1571},
  year={2011},
  publisher={Am Med Assoc}
}

@article{news:coffeeDepression,
  author={O'Connor, A.}, 
  title = {\oiRedirect{textbook-coffee_depression_2011}{Coffee Drinking Linked to Less Depression in Women}},
  journal={New York Times},
   MONTH = {September 26},
   YEAR    = {2011}
}

@misc{data:anes:2012,
  note={The American National Election Studies ({\oiRedirect{textbook-anes-2012}{ANES}}). The ANES 2012 Time Series Study [dataset]. Stanford University and the University of Michigan [producers].}
}

@misc{photo:barkingDeer,
  note={Photo by Shrikant Rao from Flickr (\oiRedirect{textbook-flickr_shrikant_rao_barking_deer}{http://flic.kr/p/4Xjdkk}), available under a \oiRedirect{textbook-CC_BY_2}{CC BY 2.0 license}.}
}

% Chp 7 - Inference for means

@misc{data:prius,
  note = {Fuelecomy.gov, \oiRedirect{textbook-toyota_prius_2012_mpg}{Shared MPG Estimates: Toyota Prius 2012}.}
}

@book{Graybill:1994,
  title={Regression Analysis: Concepts and Applications},
  author={Graybill, F.A. and Iyer, H.K.},
  year={1994},
  publisher={Duxbury Press},
  pages={511--516}
}

@misc{data:oscars,
  note = {Oscar winners from 1929 -- 2012, data up to 2009 from the \oiRedirect{textbook-oscar_winners_up_to_2012}{Journal of Statistics Education data archive} and more current data from \oiRedirect{textbook-wikipedia_org}{wikipedia.org}.}
}

@article{Scanlon:1993,
  title={\oiRedirect{textbook-Friday13_1993}{Is Friday the 13th Bad For Your Health?}},
  author={Scanlon, T.J. and Luben, R.N. and Scanlon and F.L., Singleton, N.},
  journal={BMJ},
  volume={307},
  pages={1584-1586},
  year={1993}
}

@Book{ggplot2,
    author = {Wickham, H.},
    title = {\oiRedirect{textbook-ggplot2_book}{ggplot2: elegant graphics for data analysis}},
    publisher = {Springer New York},
    year = {2009}
}

@misc{data:chickwts,
  note = {\oiRedirect{textbook-feed_and_chicken_weights}{Chicken Weights by Feed Type}, from the \texttt{datasets} package in R.}
}

@misc{data:epaMPG,
  note = {U.S. Department of Energy, \oiRedirect{textbook-fuel_economy_data_2012}{Fuel Economy Data, 2012 Datafile}.}
}

@article{Oldham:2011,
  title={\oiRedirect{textbook-playing_computer_games_2011}{Playing a computer game during lunch affects fullness, memory for lunch, and later snack intake}},
  author={Oldham-Cooper, R.E. and Hardman, C.A. and Nicoll, C.E. and Rogers, P.J. and Brunstrom, J.M.},
  journal={The American Journal of Clinical Nutrition},
  volume={93},
  number={2},
  pages={308},
  year={2011},
  publisher={Am Soc Nutrition}
}

@misc{data:prison,
  note = {\oiRedirect{textbook-prison_isolation_exp}{Prison isolation experiment, stat.duke.edu/resources/datasets/prison-isolation}.}
}

@misc{data:china,
  note = {UNC Carolina Population Center, \oiRedirect{textbook-china_health_nut_survey_2006}{China Health and Nutrition Survey, 2006}.}
}

@article{Mortada:2000,
  title={Study of lead exposure from automobile exhaust as a risk for nephrotoxicity among traffic policemen.},
  author={Mortada, WI and Sobh, MA and El-Defrawy, MM and Farahat, SE},
  journal={American journal of nephrology},
  volume={21},
  number={4},
  pages={274--279},
  year={2000}
}

% Chp 8 - Simple linear regression

@book{Hand:1994,
  title={{A handbook of small data sets}},
  author={Hand, D.J.},
  year={1994},
  publisher={Chapman \& Hall/CRC}
}

@misc{data:trees,
  note = {Source: R Dataset, \oiRedirect{textbook-R_datasets_trees}{stat.ethz.ch/R-manual/R-patched/library/datasets/html/trees.html}}
}

@article{Benson:1993,
  title={\oiRedirect{textbook-birth_season_locomotion_1993}{Season of birth and onset of locomotion: Theoretical and methodological implications}},
  author={Benson, J.B.},
  journal={Infant behavior and development},
  volume={16},
  number={1},
  pages={69-81},
  issn={0163-6383},
  year={1993},
  publisher={Elsevier}
}

@misc{data:turkeyTourism,
  note = {Association of Turkish Travel Agencies, \oiRedirect{textbook-turkey_tourist_spending}{Foreign Visitors Figure \& Tourist Spendings By Years}}
}

@misc{data:starbucksCals,
  note={Source: Starbucks.com, collected on March 10, 2011, \\ \oiRedirect{textbook-starbucks_com_menu_nutrition}{www.starbucks.com/menu/nutrition}}
}

@misc{data:urbanOwner,
  note={United States Census Bureau, \oiRedirect{textbook-census_urban_rural_2010}{2010 Census Urban and Rural Classification and Urban Area Criteria} and \oiRedirect{textbook-housing_char_2010}{Housing Characteristics: 2010}.}
}

@book{Malkevitc+Lesser:2008,
  title={{For All Practical Purposes: Mathematical Literacy in Today's World}},
  author={Malkevitch, J. and Lesser, L.M.},
  year={2008},
  publisher={WH Freeman \& Co}
}

@article{Hamermesh:2005,
  title={Beauty in the classroom: Instructorsâ€™ pulchritude and putative pedagogical productivity},
  author={Hamermesh, Daniel S and Parker, Amy},
  journal={Economics of Education Review},
  volume={24},
  number={4},
  pages={369--376},
  year={2005},
  publisher={Elsevier}
}

%%%%%%%%%%%%%
% not sure which chapter, move later
%%%%%%%%%%%%%

@Book{data:quine,
    title = {Modern Applied Statistics with S},
    author = {W. N. Venables and B. D. Ripley},
    publisher = {Springer},
    edition = {Fourth Edition},
    address = {New York},
    year = {2002},
    note = {\href{http://www.stats.ox.ac.uk/pub/MASS4}{Data can also be found in the R MASS package}},
}

@misc{data:babies,
  note = {Child Health and Development Studies, \href{http://www.ma.hw.ac.uk/~stan/aod/library}{Baby weights data set}}
}

@article{King_Suamani_2018,
  title={\oiRedirect{textbook-King_Suamani_2018}{A Trial of a Triple-Drug Treatment for Lymphatic Filariasis}},
  author={King, Christopher and Suamani, James and Sanuku, Nelly and Cheng, Yao-Chieh and Satofan, Samson and Mancuso, Brooke and Goss, Charles W and Robinson, Leanne J and Siba, Peter M and Weil, Gary J and Kazura, James W},
  journal={New England Journal of Medicine},
  volume={379},
  pages={1801-1810},
  year={2018}
}

@misc{bostonchildrenshospital:chickenpox,
  note={Boston Children's Hospital, \oiRedirect{textbook-bostonchildrenshospital_chickenpox_vaccine}{Chickenpox summary page}, referenced April 29, 2021.}
}

%%%%%%%%%%%%%
% used in textbook (not in eoce)
%%%%%%%%%%%%%

@misc{data:facebookPrivacy,
  note={Survey USA, \oiRedirect{textbook-SurveyUSA_17960}{News Poll \#17960}, data collected February 16-17, 2011.}
}

