% Encoding: UTF-8

@entry{aov,
	name = {analiza varijance},
	description = {statistička metoda za testiranje nul-hipoteze o jednakosti aritmetičkih sredina kvantitativne varijable u dvije ili više grupa opservacija},
	english = {analysis of variance}
}
@entry{anova,
  name = {ANOVA},
  description = {vidi: analiza varijance}
}

@entry{deskr-stat,
	name = {deskriptivna statistika},
	description = {broj koji sažeto prikazuje veliku količinu podataka},
	english = {descriptive statistics}
}

@entry{experiment,
	name = {eksperiment},
	description = {postupak planiranog opažanja i prikupljanja podataka u kojem istraživač ima punu kontrolu nad jednim ili više faktora. Eksperiment omogućava testiranje statističkih hipoteza i zaključivanje o uzročno-posljedičnoj povezanosti kontroliranih faktora i opaženih i/ili mjerenih svojstava pokusnih jedinica.},
	english = {experiment}
}

@entry{izlozena-grupa,
	name = {izložena grupa},
	description = {kod eksperimenta grupa koja je izložena jednom ili više čimbenika čije utjecaje želimo analizirati.},
	english = {treatment group}
}

@entry{kontrolna-grupa,
	name = {kontrolna grupa},
	description = {kod eksperimenta grupa koja nije izložena čimbeniku ili čimbenicima čije utjecaje želimo analizirati. Ona služi kao referentna grupa s kojom se uspoređuju ishodi u ostalim grupama koje su izložene.},
	english = {control group}
}

@entry{matrica-podataka,
	name = {matrica podataka},
	description = {organizacija podataka u obliku pravokutne tablice u kojoj reci predstavljaju opservacije, a stupci varijable},
	english = {data matrix}
}

@entry{opazanje,
	name = {opažanje},
	description = {skup vrijednosti niza varijabli za jedan objekt istraživanja, redak u tablici podataka},
	english = {observation}
}

@entry{opit,
	name = {opit},
	description = {vidi: eksperiment},
	english = {experiment}
}

@entry{podaci,
	name = {podaci},
	description = {zabilježeni rezultati opažanja ili mjerenja svojstava objekata istraživanja},
	english = {data [množina, jednina je datum]}
}

@entry{pokus,
	name = {pokus},
	description = {vidi: eksperiment},
	english = {experiment}
}

@entry{pokusna-jedinica,
	name = {pokusna jedinica},
	description = {objekt na kojem se provode eksperimentalna istraživanja. Predstavlja opservacije, odnosno retke u tablici podataka.},
	english = {experimental unit}
}

@entry{skup-podataka,
	name = {skup podataka},
	description = {podaci o više objekata istraživanja koji obično sadrže informacije o jednom ili više svojstava tih objekata},
	english = {data set}
}

@entry{sluc-raspored,
	name = {slučajni raspored},
	description = {raspoređivanje pokusnih jedinica u eksperimentu u grupe na slučajan način pri čemu su vjerojatnosti raspoređivanja pokusnih jedinica u grupe nezavisne},
	english = {randomization}
}

@entry{stat-sci,
  name = {statistika},
  description = {znanost koja se bavi proučavanjem kako prikupiti i analizirati podatke te na temelju njih izvoditi zaključke},
  english = {statistics}
}

@entry{stat-ind,
  name = {statistika},
  description = {pokazatelj izračunat iz skupa podataka koji ih na
  sažeti način opisuje i omogućava zaključivanje na temelju podataka},
  english = {statistic}
}

@entry{tablica-podataka,
	name = {tablica podataka},
	description = {vidi matrica podataka},
	english = {data matrix}
}

@entry{varijabla,
	name = {varijabla},
	description = {niz vrijednosti koje su rezultat mjerenja ili opažanja nekog svojstva objekata istraživanja, stupac u tablici podataka},
	english = {variable}
}

